@article{bendixshort,
  title={A short introduction to Software Configuration Management},
  author={Bendix, Lars},
  journal={Open Source Wesler},
  year={2006},
  url = {http://vig.pearsoned.com/store/product/1,1207,store-12521\_isbn-0136042597,00.html}
}

@inproceedings{lewis2009component,
  title={Component-based software engineering},
  author={Lewis, Grace A and Poernomo, Iman and Hofmeister, Christine},
  booktitle={12th International Symposium, CBSE},
  pages={24--26},
  year={2009},
  url = {http://vig.pearsoned.com/store/product/1,1207,store-12521\_isbn-0136042597,00.html}
}

@article{robles2004software,
  title={A software engineering approach to libre software},
  author={Robles, Gregorio},
  journal={Open Source Jahrbuch},
  volume={2004},
  year={2004},
  publisher={Lehmanns Media Berlin},
  url = {http://vig.pearsoned.com/store/product/1,1207,store-12521\_isbn-0136042597,00.html}
}
